@misc{sourceAssimp,
  author       = {Open Asset Import Library},
  title        = {Assimp},
  publisher    = {GitHub},
  journal      = {GitHub repository},
  howpublished = {\url{https://github.com/assimp/assimp}},
}

@misc{sourceBRDFLab,
  author       = {A. For{\'e}s and S. Pattanaik and C. Bosch and X. Pueyo},
  title        = {BRDFLab: A tool to design, fit and render BRDFs},
  publisher    = {SourceForge},
  journal      = {SourceForge repository},
  howpublished = {\url{http://brdflab.sourceforge.net}},
}

@misc{sourceDisneyBRDF,
  author       = {Walt Disney Animation Studios},
  title        = {Disney BRDF Explorer},
  publisher    = {GitHub},
  journal      = {GitHub repository},
  howpublished = {\url{https://github.com/wdas/brdf}},
}

@misc{sourceEmbree,
  author       = {Intel},
  title        = {Embree},
  publisher    = {GitHub},
  journal      = {GitHub repository},
  howpublished = {\url{https://github.com/embree/embree}},
}

@misc{sourceFreeImage,
  author       = {Herv√© Drolon and Floris van den Berg},
  title        = {FreeImage},
  publisher    = {SourceForge},
  journal      = {SourceForge repository},
  howpublished = {\url{https://freeimage.sourceforge.io/}},
}

@misc{sourceGlad,
  author       = {David Herberth},
  title        = {GLAD},
  publisher    = {GitHub},
  journal      = {GitHub repository},
  howpublished = {\url{https://github.com/Dav1dde/glad}},
}

@misc{sourceGLFW,
  author       = {GLFW},
  title        = {GLFW},
  publisher    = {GitHub},
  journal      = {GitHub repository},
  howpublished = {\url{https://github.com/glfw/glfw}},
}

@misc{sourceGlm,
  author       = {G-Truc Creation},
  title        = {GLM},
  publisher    = {GitHub},
  journal      = {GitHub repository},
  howpublished = {\url{https://github.com/g-truc/glm}},
}

@misc{sourceImgui,
  author       = {Omar Cornut},
  title        = {Dear ImGui},
  publisher    = {GitHub},
  journal      = {GitHub repository},
  howpublished = {\url{https://github.com/ocornut/imgui}},
}


@misc{sourceSpdlog,
  author       = {Gabi Melman},
  title        = {spdlog},
  publisher    = {GitHub},
  journal      = {GitHub repository},
  howpublished = {\url{https://github.com/gabime/spdlog}},
}
